<?xml version="1.0" encoding="UTF-8"?><record xmlns="http://www.loc.gov/MARC21/slim" xmlns:cinclude="http://apache.org/cocoon/include/1.0" xmlns:zs="http://www.loc.gov/zing/srw/">
  <leader>00683cz  a2200133n  4500</leader>
  <controlfield tag="001">nr 93023272 </controlfield>
  <controlfield tag="003">DLC</controlfield>
  <controlfield tag="005">20120814083720.0</controlfield>
  <controlfield tag="008">930625n| acannaab           |n ana      </controlfield>
  <datafield tag="010" ind1=" " ind2=" ">
    <subfield code="a">nr 93023272 </subfield>
  </datafield>
  <datafield tag="040" ind1=" " ind2=" ">
    <subfield code="a">DLC-R</subfield>
    <subfield code="b">eng</subfield>
    <subfield code="c">DLC-R</subfield>
    <subfield code="d">DLC-R</subfield>
    <subfield code="d">DLC</subfield>
  </datafield>
  <datafield tag="111" ind1="2" ind2=" ">
    <subfield code="a">Bunka Seminā</subfield>
  </datafield>
  <datafield tag="667" ind1=" " ind2=" ">
    <subfield code="a">THIS 1XX FIELD CANNOT BE USED UNDER RDA UNTIL THIS RECORD HAS BEEN REVIEWED AND/OR UPDATED</subfield>
  </datafield>
  <datafield tag="670" ind1=" " ind2=" ">
    <subfield code="a">Kawai, H. Otona e no jidō bunka no shōtai, 1992- :</subfield>
    <subfield code="b">v. 1, pref. (Ehon Jidō Bungaku Kenkyū Sentā Daiikkai Bunka Seminā "Otona e no Jidō Bunka no Shōtai", held 6/14/92 at Otaru; signed by Ehon Jidō Bungaku Kenkyū Sentā shochō/Daiikkai Bunka Seminā jikkō iinchō, Kudō Sachio)</subfield>
  </datafield>
</record>